<?xml version="1.0" encoding="UTF-8"?><collection xmlns="http://www.loc.gov/MARC21/slim"><record><leader>00473nam--2200193-i-4500</leader><controlfield tag="001">000040871</controlfield><controlfield tag="002">20161230</controlfield><controlfield tag="005">20161230201042</controlfield><controlfield tag="008">060222s1000------------r-----000-0-eng-d</controlfield><datafield ind1=" " ind2=" " tag="020"><subfield code="a">052108069X</subfield></datafield><datafield ind1=" " ind2=" " tag="040"><subfield code="a">IFIN-HH</subfield></datafield><datafield ind1=" " ind2=" " tag="080"><subfield code="a">523.1</subfield></datafield><datafield ind1="1" ind2=" " tag="100"><subfield code="a">Sciama,D.W</subfield></datafield><datafield ind1="1" ind2="0" tag="245"><subfield code="a">Modern cosmology</subfield><subfield code="c">D.w. sciama</subfield></datafield><datafield ind1=" " ind2=" " tag="250"><subfield code="a">rEPREINTED 1973</subfield></datafield><datafield ind1=" " ind2=" " tag="260"><subfield code="a">Cambridge</subfield><subfield code="b">University Press</subfield><subfield code="c">1973</subfield></datafield><datafield ind1=" " ind2=" " tag="300"><subfield code="a">XI + 212 P</subfield></datafield><datafield ind1=" " ind2=" " tag="852"><subfield code="a">41404</subfield><subfield code="c">521/522</subfield></datafield><datafield ind1=" " ind2=" " tag="CAT"><subfield code="a">Sys</subfield><subfield code="c">20130826</subfield><subfield code="h">152856</subfield></datafield></record></collection>